%%
%% Copyright (C) 2020 by Manuel Werder
%%
%% This work may be distributed and/or modified under the
%% conditions of the LaTeX Project Public License, either version 1.3
%% of this license or (at your option) any later version.
%% The latest version of this license is in
%%
%%     http://www.latex-project.org/lppl.txt
%%
%! Date = 16.05.20

%@article{einstein,
%    author = "Albert Einstein",
%    title = "{Zur Elektrodynamik bewegter K{\"o}rper}. ({German})
%    [{On} the electrodynamics of moving bodies]",
%    journal = "Annalen der Physik",
%    volume = "322",
%    number = "10",
%    pages = "891--921",
%    year = "1905",
%    DOI = "http://dx.doi.org/10.1002/andp.19053221004",
%    keywords = "physics"
%}

%@book{dirac,
%    title = {The Principles of Quantum Mechanics},
%    author = {Paul Adrien Maurice Dirac},
%    isbn = {9780198520115},
%    series = {International series of monographs on physics},
%    year = {1981},
%    publisher = {Clarendon Press},
%    keywords = {physics}
%}

@online{overleaf,
    author = "Overleaf",
    title = "Overleaf",
    url  = "https://www.overleaf.com",
}

@online{youtube,
    author = "ChilledCow",
    title = "Lofi Hip Hop Radio",
    url  = "https://www.youtube.com/watch?v=5qap5aO4i9A",
}

@online{setmanu,
    author = "Manuel Werder",
    title = "docs",
    url  = "https://github.com/setmanu/docs.git",
}

@online{einleitung,
    author = "Manuel Werder",
    title = "csbe",
    url  = "https://github.com/setmanu/csbe_m133_einleitung.git",
}

@online{ubuntu,
    author = "Ubuntu Canonical",
    title = "Ubuntu",
    url  = "https://ubuntu.com/",
}

@online{git,
    author = "Git --fast-version-control",
    title = "Git",
    url  = "https://git-scm.com/",
}

@online{github,
    author = "GitHub",
    title = "GitHub",
    url  = "https://github.com/",
}

@online{rubymine,
    author = "JetBrains",
    title = "RubyMine",
    url  = "https://www.jetbrains.com/de-de/ruby/",
}

@online{ruby,
    author = "Ruby",
    title = "Ruby",
    url  = "https://www.ruby-lang.org/de/",
}

@online{rubyonrails,
    author = "Ruby on Rails",
    title = "Ruby on Rails",
    url  = "https://guides.rubyonrails.org/index.html",
}

@online{gitignore,
    author = "Toptal",
    title = "GitIgnore",
    url  = "https://www.toptal.com/developers/gitignore",
}


%@inbook{knuth-fa,
%    author = "Donald E. Knuth",
%    title = "Fundamental Algorithms",
%    publisher = "Addison-Wesley",
%    year = "1973",
%    chapter = "1.2",
%    keywords  = "knuth,programming"
%}
